@article{smith_et_al,
  title={Estimating uncertain spatial relationships in robotics},
  author={R. Smith, M. Self, and P. Cheeseman},
  journal={Autonomous Robot Vehicles},
  pages={167-193},
  year={1990},
  publisher={Springer-Verlag}
}

@article{slamPaper_1,
  title={Simultaneous Localization and Mapping ({SLAM}): Part 1},
  author={Hugh Durrant Whyte and Tim Bailey},
  journal={IEEE Robotics \& Automation Magazine},
  pages={1--10},
  year={2006},
  month={June},
  publisher={IEEE}
}

@article{slamPaper_2,
  author={Hugh Durrant Whyte and Tim Bailey},
  title = {Simultaneous Localization and Mapping ({SLAM}): Part 2}, 
  journal={IEEE Robotics \& Automation Magazine},
  pages = {1--10}, 
  year = {2006},
  month = {September},
  publisher={IEEE}
}

